<?xml version="1.0" encoding="UTF-8"?>
<collection xmlns:xsi="http://www.w3.org/2001/XMLSchema-instance" xsi:schemaLocation="http://www.loc.gov/MARC21/slim http://www.loc.gov/standards/marcxml/schema/MARC21slim.xsd" xmlns="http://www.loc.gov/MARC21/slim">
<record>
  <leader>01134cam a2200265 i 4500</leader>
  <controlfield tag="001">3072149</controlfield>
  <controlfield tag="003">NNC</controlfield>
  <controlfield tag="005">20050110222755.0</controlfield>
  <controlfield tag="008">801010s1954    ua hj    b    001 0 araod</controlfield>
  <datafield tag="035" ind1=" " ind2=" ">
    <subfield code="a">(OCoLC)ocm06810330</subfield>
  </datafield>
  <datafield tag="035" ind1=" " ind2=" ">
    <subfield code="9">ATP5181CU</subfield>
  </datafield>
  <datafield tag="035" ind1=" " ind2=" ">
    <subfield code="a">(NNC)3072149</subfield>
  </datafield>
  <datafield tag="040" ind1=" " ind2=" ">
    <subfield code="a">WAU</subfield>
    <subfield code="c">WAU</subfield>
    <subfield code="d">ZCU</subfield>
  </datafield>
  <datafield tag="043" ind1=" " ind2=" ">
    <subfield code="a">ff-----</subfield>
    <subfield code="a">aw-----</subfield>
  </datafield>
  <datafield tag="099" ind1=" " ind2=" ">
    <subfield code="a">893.717</subfield>
    <subfield code="a">M978</subfield>
  </datafield>
  <datafield tag="100" ind1="0" ind2=" ">
    <subfield code="a">Mustanṣir billāh,</subfield>
    <subfield code="c">Fatimid Caliph,</subfield>
    <subfield code="d">1029-1094.</subfield>
  </datafield>
  <datafield tag="245" ind1="1" ind2="3">
    <subfield code="a">al-Sijillāt al-Mustanṣirīyah :</subfield>
    <subfield code="b">sijillāt wa-tawqīʻāt wa-kutub li-Mawlānā al-Imām al-Mustanṣir bi-Allāh Amīr al-Mu'minīn, ṣalawāt Allāh ʻalayh, ilá duʻāt al-yumn wa-ghayrihim quddisa Allāh arwāḥ jamīʻ al-mu'minīn /</subfield>
    <subfield code="c">taqdīm wa taḥqīq ʻAbd al-Mun'im Mājid.</subfield>
  </datafield>
  <datafield tag="260" ind1=" " ind2=" ">
    <subfield code="a">[al-Qāhirah] :</subfield>
    <subfield code="b">Dār al-Fikr al-ʻArabī,</subfield>
    <subfield code="c">1954.</subfield>
  </datafield>
  <datafield tag="300" ind1=" " ind2=" ">
    <subfield code="a">234 p. :</subfield>
    <subfield code="b">facsims., geneal. table ;</subfield>
    <subfield code="c">25 cm.</subfield>
  </datafield>
  <datafield tag="504" ind1=" " ind2=" ">
    <subfield code="a">Bibliography: p. 230-231.</subfield>
  </datafield>
  <datafield tag="500" ind1=" " ind2=" ">
    <subfield code="a">Includes indexes.</subfield>
  </datafield>
  <datafield tag="600" ind1="0" ind2="0">
    <subfield code="a">Mustanṣir billāh,</subfield>
    <subfield code="c">Fatimid Caliph,</subfield>
    <subfield code="d">1029-1094</subfield>
    <subfield code="v">Correspondence.</subfield>
  </datafield>
  <datafield tag="651" ind1=" " ind2="0">
    <subfield code="a">Egypt</subfield>
    <subfield code="x">History</subfield>
    <subfield code="y">640-1250</subfield>
    <subfield code="v">Sources.</subfield>
  </datafield>
  <datafield tag="700" ind1="1" ind2=" ">
    <subfield code="a">Mājid, ʻAbd al-Munʻim.</subfield>
  </datafield>
  <datafield tag="955" ind1=" " ind2=" ">
    <subfield code="b">CU58876332</subfield>
    <subfield code="d">off,glx</subfield>
    <subfield code="e">893.717 M978</subfield>
  </datafield>
</record>
</collection>